@Article{Book1,
  author    = {Tobias Oetiker, Hubert Partl, Irene Hyna and Elisabeth Schlegl},
  title     = {Latex-not-so-short-intro.pdf},
  year      = {2015},
  volume    = {5},
  number    = {5},
  pages     = {7--10},
}

@Article{Book2,
  author    = {http://home.gna.org/latexrefman},
  title     = {latex2e.pdf},
  year      = {2014},
  volume    = {1},
  number    = {1},
  pages     = {3--9},
}
